<?xml version="1.0" encoding="UTF-8"?><collection xmlns="http://www.loc.gov/MARC21/slim"><record><leader>02144nab a2200337 a 4500</leader><controlfield tag="001">vtls000016422</controlfield><controlfield tag="003">IFAD</controlfield><controlfield tag="005">20190307141300.0</controlfield><controlfield tag="008">190307 2019                  000 0 eng d</controlfield><datafield tag="035" ind1=" " ind2=" "><subfield code="a">IF000016422</subfield></datafield><datafield tag="039" ind1=" " ind2="9"><subfield code="a">201903071413</subfield><subfield code="b">vaids</subfield><subfield code="y">201903071412</subfield><subfield code="z">vaids</subfield></datafield><datafield tag="090" ind1=" " ind2=" "><subfield code="a">S2256 9 N35</subfield></datafield><datafield tag="100" ind1="1" ind2=" "><subfield code="a">Richards, M.</subfield></datafield><datafield tag="245" ind1=" " ind2=" "><subfield code="a">Climate change mitigation potential of agricultural practices supported by IFAD investments:</subfield><subfield code="b">an ex ante analysis</subfield></datafield><datafield tag="260" ind1=" " ind2=" "><subfield code="a">Rome (IT)</subfield><subfield code="b">IFAD</subfield><subfield code="c">2019</subfield></datafield><datafield tag="300" ind1=" " ind2=" "><subfield code="a">36 pp.</subfield></datafield><datafield tag="490" ind1=" " ind2=" "><subfield code="a">IFAD Research Series</subfield></datafield><datafield tag="520" ind1=" " ind2=" "><subfield code="a">International discussions on climate change increasingly recognize the importance of agriculture in adaptation and mitigation efforts. This study estimates the mitigation potential of agricultural practices supported by IFAD’s current investments in order to provide guidance for the design of future investments.&#xD;
Using data from field studies in scientific literature, this research estimates the effects of a large set of agricultural practices promoted by IFAD (and other development agencies) on soil organic carbon stocks, nitrous oxide emissions from soils, and methane emissions from rice paddies.&#xD;
Findings identify soil and rice management practices with the largest mitigation potential and those that can potentially increase emissions; discuss uncertainties in mitigation analyses; and provide recommendations to improve monitoring of mitigation benefits.</subfield></datafield><datafield tag="650" ind1=" " ind2="7"><subfield code="a">CLIMATIC CHANGE</subfield><subfield code="2">AGROVOC</subfield></datafield><datafield tag="650" ind1=" " ind2="7"><subfield code="a">CLIMATE CHANGE MITIGATION</subfield><subfield code="2">AGROVOC</subfield></datafield><datafield tag="650" ind1=" " ind2="7"><subfield code="a">CLIMATE SMART AGRICULTURE</subfield><subfield code="2">AGROVOC</subfield></datafield><datafield tag="650" ind1=" " ind2="7"><subfield code="a">AGRICULTURAL PROJECTS</subfield><subfield code="2">AGROVOC</subfield></datafield><datafield tag="700" ind1="1" ind2=" "><subfield code="a">Arslan, A.</subfield></datafield><datafield tag="700" ind1="1" ind2=" "><subfield code="a">Cavatassi, R.</subfield></datafield><datafield tag="700" ind1="1" ind2=" "><subfield code="a">Rosenstock, T.</subfield></datafield><datafield tag="773" ind1=" " ind2=" "><subfield code="w">IF000015583</subfield></datafield><datafield tag="852" ind1=" " ind2=" "><subfield code="a">Library</subfield></datafield><datafield tag="856" ind1=" " ind2="8"><subfield code="u">https://www.ifad.org/documents/38714170/41066943/35_research.jpg/c3289fde-fd5d-1047-7280-5e0d2e3c7d6c?t=1551881221483</subfield></datafield><datafield tag="856" ind1=" " ind2=" "><subfield code="u">https://www.ifad.org/documents/38714170/41066943/35_research.pdf/73e25d17-2d7b-b268-1edc-69c87d8d5668</subfield></datafield><datafield tag="999" ind1=" " ind2=" "><subfield code="a">VIRTUA40</subfield></datafield><datafield tag="999" ind1=" " ind2=" "><subfield code="a">VTLSSORT0080*0350*0900*1000*2450*2600*3000*4900*5200*6500*6501*6502*6503*7000*7001*7002*7730*8520*8560*8561*9992</subfield></datafield></record></collection>